<?xml version="1.0" encoding="UTF-8"?><record xmlns="http://www.loc.gov/MARC21/slim" xmlns:cinclude="http://apache.org/cocoon/include/1.0" xmlns:zs="http://www.loc.gov/zing/srw/">
  <leader>00913cz  a2200205n  4500</leader>
  <controlfield tag="001">no2007052259</controlfield>
  <controlfield tag="003">DLC</controlfield>
  <controlfield tag="005">20110626074901.0</controlfield>
  <controlfield tag="008">070510n| acannaabn          |a aaa     c</controlfield>
  <datafield tag="010" ind1=" " ind2=" ">
    <subfield code="a">no2007052259</subfield>
  </datafield>
  <datafield tag="035" ind1=" " ind2=" ">
    <subfield code="a">(OCoLC)oca07406872</subfield>
  </datafield>
  <datafield tag="040" ind1=" " ind2=" ">
    <subfield code="a">GEU</subfield>
    <subfield code="b">eng</subfield>
    <subfield code="c">GEU</subfield>
    <subfield code="d">IlMchBWI</subfield>
  </datafield>
  <datafield tag="100" ind1="1" ind2=" ">
    <subfield code="a">Roenning, Joachim,</subfield>
    <subfield code="d">1972-</subfield>
  </datafield>
  <datafield tag="400" ind1="1" ind2=" ">
    <subfield code="a">Rønning, Joachim,</subfield>
    <subfield code="d">1972-</subfield>
  </datafield>
  <datafield tag="400" ind1="1" ind2=" ">
    <subfield code="a">Rønning, Hans Joachim,</subfield>
    <subfield code="d">1972-</subfield>
  </datafield>
  <datafield tag="400" ind1="1" ind2=" ">
    <subfield code="a">Roenning, Hans Joachim,</subfield>
    <subfield code="d">1972-</subfield>
  </datafield>
  <datafield tag="670" ind1=" " ind2=" ">
    <subfield code="a">Bandidas, 2007:</subfield>
    <subfield code="b">credits (Joachim Roenning)</subfield>
  </datafield>
  <datafield tag="670" ind1=" " ind2=" ">
    <subfield code="a">IMDB, viewed May 10, 2007:</subfield>
    <subfield code="b">Joachim Roenning page (b. May 30, 1972 in Norway; attended Stockholm Film School; director)</subfield>
  </datafield>
  <datafield tag="670" ind1=" " ind2=" ">
    <subfield code="a">Max Manus [VR], 2011:</subfield>
    <subfield code="b">container (Joachim Ronning ; director)</subfield>
  </datafield>
  <datafield tag="670" ind1=" " ind2=" ">
    <subfield code="a">IMDb, June 23, 2011</subfield>
    <subfield code="b">(Joachim Ronning ; b. May 30, 1972 in Norway ; birth name: Hans Joachim Rønning ; alternate name: Joachim Roenning ; attended Stockholm Film School in Sweden ; director)</subfield>
  </datafield>
</record>